<?xml version="1.0" encoding="UTF-8"?><record xmlns="http://www.loc.gov/MARC21/slim" xmlns:cinclude="http://apache.org/cocoon/include/1.0" xmlns:zs="http://www.loc.gov/zing/srw/">
  <leader>00842cz  a2200169n  4500</leader>
  <controlfield tag="001">n  84148831 </controlfield>
  <controlfield tag="003">DLC</controlfield>
  <controlfield tag="005">20120804081931.0</controlfield>
  <controlfield tag="008">840927n| acannaab           |a ana      </controlfield>
  <datafield tag="010" ind1=" " ind2=" ">
    <subfield code="a">n  84148831 </subfield>
  </datafield>
  <datafield tag="040" ind1=" " ind2=" ">
    <subfield code="a">DLC</subfield>
    <subfield code="b">eng</subfield>
    <subfield code="c">DLC</subfield>
    <subfield code="d">DLC</subfield>
  </datafield>
  <datafield tag="111" ind1="2" ind2=" ">
    <subfield code="a">ASEAN Seminar on the EEC Experience on Regional Integration</subfield>
    <subfield code="d">(1983 :</subfield>
    <subfield code="c">Manila, Philippines)</subfield>
  </datafield>
  <datafield tag="411" ind1="2" ind2=" ">
    <subfield code="a">A.S.E.A.N. Seminar on the E.E.C. Experience on Regional Integration</subfield>
    <subfield code="d">(1983 :</subfield>
    <subfield code="c">Manila, Philippines)</subfield>
  </datafield>
  <datafield tag="411" ind1="2" ind2=" ">
    <subfield code="a">EEC Experience on Regional Integration, ASEAN Seminar on the</subfield>
  </datafield>
  <datafield tag="411" ind1="2" ind2=" ">
    <subfield code="a">Seminar on the EEC Experience on Regional Integration, ASEAN</subfield>
  </datafield>
  <datafield tag="667" ind1=" " ind2=" ">
    <subfield code="a">THIS 1XX FIELD CANNOT BE USED UNDER RDA UNTIL THIS RECORD HAS BEEN REVIEWED AND/OR UPDATED</subfield>
  </datafield>
  <datafield tag="670" ind1=" " ind2=" ">
    <subfield code="a">Its EEC and ASEAN, 1983:</subfield>
    <subfield code="b">t.p. (ASEAN Seminar on the EEC Experience on Regional Integration, 5-8 Jan., 1983, Manila, Philippines)</subfield>
  </datafield>
</record>